%% This BibTeX bibliography file was created using BibDesk.
%% http://bibdesk.sourceforge.net/


%% Created for Chris at 2011-11-17 11:27:15 +0000 


%% Saved with string encoding Unicode (UTF-8) 



@techreport{rserg:8drg6,
	Date-Added = {2011-11-17 11:26:38 +0000},
	Date-Modified = {2011-11-17 11:26:38 +0000},
	Institution = {University Of Cambridge},
	Note = {Available at \url{http://www.admin.cam.ac.uk/offices/em/travel/plan/TfW_2010_Survey_Report_University_of_Cambridge.pdf}},
	Title = {Travel for Work Survey Report},
	Year = {2010}}

@techreport{rserg:sfg,
	Date-Added = {2011-11-17 11:23:40 +0000},
	Date-Modified = {2011-11-17 11:27:15 +0000},
	Institution = {University Of Cambridge},
	Note = {Available at \url{http://www.admin.cam.ac.uk/offices/em/travel/plan/Travel_Plan_2011.pdf}},
	Title = {Travel plan 2011},
	Year = {2011}}

@unpublished{ZDnet:cs,
	Author = {Zack Whittaker},
	Date-Added = {2011-11-07 12:06:11 +0000},
	Date-Modified = {2011-11-07 12:07:37 +0000},
	Institution = {ZD Net},
	Month = {May},
	Note = {Available at \url{\http://www.zdnet.com/blog/igeneration/facebook-applications-leak-users-personal-data-to-third-parties/9906}},
	Title = {Facebook applications leak users' personal data to third parties},
	Year = {2011}}

@unpublished{wsj:sa,
	Author = {Emily Steel and Geoffrey A. Fowler},
	Date-Added = {2011-11-07 12:01:30 +0000},
	Date-Modified = {2011-11-07 12:05:49 +0000},
	Institution = {Wall Street Journal},
	Lastchecked = {Nov '11},
	Month = {October},
	Note = {Available at \url{http://online.wsj.com/article/SB10001424052702304772804575558484075236968.html}},
	Title = {Facebook in Privacy Breach},
	Year = {2010}}

@unpublished{consumerist:sa,
	Author = {Chris Morran},
	Date-Added = {2011-11-07 11:58:53 +0000},
	Date-Modified = {2011-11-07 11:58:53 +0000},
	Institution = {The Consumerist},
	Lastchecked = {Oct '11},
	Month = {October},
	Note = {Available at \url{http://consumerist.com/2010/10/report-all-top-10-facebook-apps-leaking-personal-information.html}},
	Title = {Report: All Top 10 Facebook Apps Leaking Personal Information},
	Year = {2010}}

@unpublished{youtube:sa,
	Author = {YouTube},
	Date-Added = {2011-11-07 11:47:16 +0000},
	Date-Modified = {2011-11-07 11:47:16 +0000},
	Lastchecked = {Oct '11},
	Note = {Available at \url{http://www.youtube.com/t/press_statistics}},
	Title = {YouTube Statistics Page},
	Year = {2011}}

@unpublished{foursquare:sd,
	Author = {Foursquare},
	Date-Added = {2011-10-28 11:38:23 +0100},
	Date-Modified = {2011-11-07 10:54:05 +0000},
	Lastchecked = {Oct '11},
	Month = {June},
	Note = {Available at \url{https://foursquare.com/10million}},
	Title = {Foursquare Reaches 10 Million Users},
	Year = {2011}}

@unpublished{eff:sa,
	Author = {Kevin Bankston},
	Date-Added = {2011-10-28 11:27:04 +0100},
	Date-Modified = {2011-11-07 12:00:54 +0000},
	Institution = {Electronic Frontier Foundation},
	Lastchecked = {Nov '11},
	Month = {December},
	Note = {Available at \url{https://www.eff.org/deeplinks/2009/12/facebooks-new-privacy-changes-good-bad-and-ugly}},
	Title = {Facebook's New Privacy Changes: The Good, The Bad, and The Ugly},
	Year = {2009}}

@unpublished{twiter:st,
	Author = {Twitter},
	Date-Added = {2011-10-28 11:14:13 +0100},
	Date-Modified = {2011-11-07 10:54:13 +0000},
	Lastchecked = {Oct '11},
	Month = {August},
	Note = {Available at \url{http://www.facebook.com/press/info.php?statistics}},
	Title = {Twitter Blog: Your world, more connected},
	Year = {2011}}

@unpublished{facebook:qr,
	Author = {Facebook},
	Date-Added = {2011-10-28 11:02:53 +0100},
	Date-Modified = {2011-11-07 10:50:01 +0000},
	Lastchecked = {Oct '11},
	Note = {Available at \url{http://www.facebook.com/press/info.php?statistics}},
	Title = {Facebook Statistics Page},
	Year = {2011}}
